@misc{bpgit,
author = "{Bio-PEPA}",
title  = "{GitHub Repository}",
howpublished = "\url{https://github.com/Bio-PEPA/Bio-PEPA}",
}

@misc{biopepa,
author = "{Bio-PEPA}",
title  = "Bio-PEPA Homepage",
howpublished = "\url{http://www.biopepa.org}",
}

@conference{cn_vizbi,
author = "{Chris North}",
title = "{Keynote on Usability \& Evaluation}",
booktitle = "{Vizbi Conference}",
year = "{2010}",
note = "\url{http://vizbi.org/2010/Presentations/Chris_North.ppt}",
}

@conference{gg_vizbi,
author = "{Georges Grinstein}",
title = "{Keynote on Integrating Visualization and Analysis}",
booktitle = "{Vizbi Conference}",
year = "{2012}",
note = "\url{http://vizbi.org/2012/Presentations/Georges_Grinstein_Keynote.pdf}",
}

@book{tufte,
author = "{Edward R. Tufte}",
title = "{The Visual Display of Quantitative Information}",
publisher = "{Graphics Press USA}",
edition = "{second}",
year = "{2001}",
}

@article{cell_model_july,
author = "{Jonathan R.Karr and Jayodita C.Sanghvi and Derek N. Macklin
and Miriam V. Gutschow and Jared M. Jacobs and Benjamin
Bolival and Nacyra Assad-Garcia and John I. Glass and Markus
W. Covert}",
title = "{A Whole-Cell Computational Model Predicts Phenotype from
Genotype}",
journal = "{Cell}",
volume = "{150}",
number = "{2}",
pages = "{389-401}",
year = "{2012}",
month = "{July}",
}

###software review section###
@misc{uppaal,
author = "{Uppsala Universitet and Aalborg University}",
title = "{Uppaal}",
howpublished = "\url{http://www.uppaal.org/}",
}

@misc{vcell,
author = "{University of Connecticut Health Center}",
title = "{V-Cell: Virtual Cell Modeling \& Analysis Software}",
howpublished = "\url{http://www.nrcam.uchc.edu/index.html}",
}

@misc{cello,
author = "{Azevedo Lab, University of Houston and MBI, German Cancer
Research Center}",
title = "{Cell-O: Biological Simulation Framework}",
howpublished = "\url{http://www.cell-o.org/}",
}

@misc{biospice,
author = "{SRI International}",
title = "{Bio-SPICE: Biological Simulation Program for Intra- and
Inter-Cellular Evaluation}",
howpublished = "\url{http://biospice.sourceforge.net/}",
}

@misc{ecell,
author = "{Laboratory for Biochemical Simulation, RIKEN Quantitative
Biology Center and Institute for Advanced Biosciences, Keio
University}",
title = "{E-Cell Project}",
howpublished = "\url{http://www.e-cell.org/}",
}

@misc{copasi,
author = "{Mendes Group, Virginia Bioinformatics Institute and Department
Modeling of biological Processes, University of Heidelberg and
Mendes group, University of Manchester}",
title = "{COPASI: biochemical network simulator}",
howpublished = "\url{http://www.copasi.org/}",
}

@misc{celldesigner,
author = "{The Systems Biology Institute, Tokyo, Japan}",
title = "{CellDesigner: A modeling tool of biochemical networks}",
howpublished = "\url{http://www.celldesigner.org/index.html}",
}

@misc{bioexpr,
author = "{The Roslin Institute, University of Edinburgh}",
title = "{BioLayout Express\textsuperscript{3D}}",
howpublished = "\url{http://www.biolayout.org/}",
}

@misc{weave,
author = "{Institute for Visualization and Perception Research, University
of Massachusetts Lowell and Open Indicators Consortium}",
title = "{WEAVE: Web-based Analysis and Visualization Environment}",
howpublished = "\url{http://www.oicweave.org/}",
}

###end of software bibliography###

@misc{biospicetut,
title = "{Getting Started with Bio-SPICE: A Tutorial for New Users}",
howpublished = "\url{http://biospice.sourceforge.net/documentation/Getting
_Started_with_BioSpice_Tutorial.pdf}",
}

@misc{weavedemo,
title = "{US Obesity 1995 - 2010, WEAVE Demo}",
howpublished = "\url{http://www.oicweave.org/demos/selection.php}",
}

@article{particletracking,
title = "{Hybrid spatial Gillespie and particle tracking simulation}",
author = "{Michael Klann and Arnab Ganguly and Heinz Koeppl}",
journal = "{Bioinformatics}",
year = "{2012}",
month = "{September}",
pages = "{549-555}",
}

@article{srcpaper,
title = "{RhoB and Actin Polymerization Coordinate Src Activation with
Endosome-Mediated Delivery to the Membrane}",
author = "{Emma Sandilands and Christophe Cans and Valerie J. Fincham
and Valerie G. Brunton and Harry Mellor and
George C. Prendergast and Jim C. Norman and
Giulio Superti-Furga and Margaret C. Frame}",
journal = "{Developmental Cell}",
year = "{2004}",
volume = "{7}",
number = "{6}",
pages = "{855-869}",
}

@misc{hvdcellani,
title = "{The Inner Life of the Cell}",
howpublished = "\url{http://multimedia.mcb.harvard.edu/media.html}",
}

@misc{bbcweath,
title = "{BBC Weather Graph}",
howpublished = "\url{http://www.bbc.co.uk/weather/2643743}",
}

@article{bpcomp,
author = "{F. Ciocchetta and M.L. Guerriero}",
title = "{Modelling Biological Compartments in Bio-PEPA}",
journal = "{ENTCS}",
year = "{2009}",
volume = "{227}",
pages = "{77-95}",
}

@misc{shgold,
author = "{Ben Shneiderman}",
title = "{Designing the User Interface}",
}

@misc{normsev,
author = "{Donald Norman}",
title = "{The Psychology of Everyday Things}",
}

@misc{neilten,
author = "{Jakob Nielsen}",
howpublished = "{\url{http://www.nngroup.com/articles/ten-usability-heuristics/}}",
}

@book{beaut_vis,
author = "{Julie Steele and Noah Iliinsky}",
title = "{Beautiful Visualisation: Looking at Data Through the Eyes of Experts}",
publisher = "{O'Reilly Media Inc.}",
edition = "{first}",
year = "{2010}",
}

@misc{drive,
author = "Google",
title = "Google Drive open source licenses",
howpublished = "\url{https://support.google.com/drive/bin/answer.py?hl=en&answer=1716931&p=settings_licenses}",
}

@misc{wxapps,
title = "List of applications using wxPython",
howpublished = "\url{http://wiki.wxpython.org/wxPythonPit%20Apps}",
}

@misc{wxpython,
author = "wxPython",
howpublished = "\url{http://www.wxpython.org/}",
}

@misc{mpl,
author = "matplotlib",
title = "Python Graphing Library",
howpublished = "\url{http://matplotlib.org/}",
}

@misc{elib,
author = "Eli Bendersky",
title = "matplotlib with wxPython GUIs",
howpublished = "\url{http://eli.thegreenplace.net/files/prog_code/wx_mpl_bars.py.txt}",
}

@misc{steiner,
author = "Wikipedia",
title = "Steiner Chain",
howpublished = "\url{http://en.wikipedia.org/wiki/Steiner_chain}",
}

@misc{treemap,
author = "Wikipedia",
title = "Treemapping",
howpublished = "\url{ttp://en.wikipedia.org/wiki/Treemapping}",
}

@misc{circmap,
author = "Linux Interface Project",
title = "pebbles - using Circular Treemaps to visualize disk usage",
howpublished = "\url{http://lip.sourceforge.net/ctreemap.html}",
}

@misc{spiralmap,
author = "Werner Randelshofer",
title = "Circular Treemaps",
howpublished = "\url{http://www.randelshofer.ch/blog/2008/01/rectangular-and-circular-treemaps/}",
}

@misc{zetcode,
author = "Jan Bodnar",
title = "Zetcode - wxPython Tutorial",
howpublished = "\url{http://zetcode.com/wxpython/}",
}

@incollection{structural_similarity,
year={2009},
isbn={978-3-642-02278-4},
booktitle={Scientific and Statistical Database Management},
volume={5566},
series={Lecture Notes in Computer Science},
editor={Winslett, Marianne},
title={Finding Structural Similarity in Time Series Data Using Bag-of-Patterns Representation},
url={http://dx.doi.org/10.1007/978-3-642-02279-1_33},
publisher={Springer Berlin Heidelberg},
author={Lin, Jessica and Li, Yuan},
pages={461-477},
}

@misc{g_drive,
author = "{Google Drive}",
title  = "{homepage}",
howpublished = "\url{drive.google.com}",
}

@misc{pidoco,
author = "{Pidoco}",
title = "{homepage}",
howpublished = "\url{https://pidoco.com/en}",
}

@misc{lucid,
author = "{Lucid Chart}",
title = "{homepage}",
howpublished = "\url{https://www.lucidchart.com}",
}

@misc{sbw,
author = "{SynBioWave}",
title = "{homepage}",
howpublished = "\url{http://www.synbiowave.org}",
}

@misc{biodare,
author = "{BioDARE}",
title = "{homepage}",
howpublished = "\url{https://www.biodare.ed.ac.uk/}",
}

@article{esling,
author = {Esling, Philippe and Agon, Carlos},
title = {Time-series Data Mining},
journal = {ACM Comput. Surv.},
issue_date = {November 2012},
volume = {45},
number = {1},
month = dec,
year = {2012},
issn = {0360-0300},
pages = {12:1--12:34},
articleno = {12},
numpages = {34},
url = {http://doi.acm.org/10.1145/2379776.2379788},
doi = {10.1145/2379776.2379788},
acmid = {2379788},
publisher = {ACM},
address = {New York, NY, USA},
keywords = {Distance measures, data indexing, data mining, query by content, sequence matching, similarity measures, stream analysis, temporal analysis, time series},
}

@incollection{chotirat,
year={2010},
isbn={978-0-387-09822-7},
booktitle={Data Mining and Knowledge Discovery Handbook},
editor={Maimon, Oded and Rokach, Lior},
doi={10.1007/978-0-387-09823-4_56},
title={Mining Time Series Data},
url={http://dx.doi.org/10.1007/978-0-387-09823-4_56},
publisher={Springer US},
keywords={Data Mining; Time Series; Representations; Classification; Clustering; Time Series Similarity Measures},
author={Ratanamahatana, ChotiratAnn and Lin, Jessica and Gunopulos, Dimitrios and Keogh, Eamonn and Vlachos, Michail and Das, Gautam},
pages={1049-1077},
language={English}
}

@incollection{agrawal,
year={1993},
isbn={978-3-540-57301-2},
booktitle={Foundations of Data Organization and Algorithms},
volume={730},
series={Lecture Notes in Computer Science},
editor={Lomet, DavidB.},
doi={10.1007/3-540-57301-1_5},
title={Efficient similarity search in sequence databases},
url={http://dx.doi.org/10.1007/3-540-57301-1_5},
publisher={Springer Berlin Heidelberg},
author={Agrawal, Rakesh and Faloutsos, Christos and Swami, Arun},
pages={69-84}
}

@article{nakamura,
year={2013},
issn={1433-7541},
journal={Pattern Analysis and Applications},
volume={16},
number={4},
doi={10.1007/s10044-011-0262-6},
title={A shape-based similarity measure for time series data with ensemble learning},
url={http://dx.doi.org/10.1007/s10044-011-0262-6},
publisher={Springer London},
keywords={Time series analysis; Similarity measures; Machine learning},
author={Nakamura, Tetsuya and Taki, Keishi and Nomiya, Hiroki and Seki, Kazuhiro and Uehara, Kuniaki},
pages={535-548},
language={English}
}

@incollection{goldin,
year={1995},
isbn={978-3-540-60299-6},
booktitle={Principles and Practice of Constraint Programming — CP '95},
volume={976},
series={Lecture Notes in Computer Science},
editor={Montanari, Ugo and Rossi, Francesca},
doi={10.1007/3-540-60299-2_9},
title={On similarity queries for time-series data: Constraint specification and implementation},
url={http://dx.doi.org/10.1007/3-540-60299-2_9},
publisher={Springer Berlin Heidelberg},
author={Goldin, DinaQ. and Kanellakis, ParisC.},
pages={137-153}
}

@inproceedings{faloutsos,
author = {C. Faloutsos and H. V. Jagadish and A. O. Mendelzon and T. Milo},
title = {A Signature Technique for Similarity-Based Queries (Extended Abstract)},
booktitle = {In Proceedings of SEQUENCES97},
year = {1997},
pages = {11--13},
publisher = {IEEE Press}
}

@article{chakrabarti,
author = {Chakrabarti, Kaushik and Keogh, Eamonn and Mehrotra, Sharad and Pazzani, Michael},
title = {Locally Adaptive Dimensionality Reduction for Indexing Large Time Series Databases},
journal = {ACM Trans. Database Syst.},
issue_date = {June 2002},
volume = {27},
number = {2},
month = jun,
year = {2002},
issn = {0362-5915},
pages = {188--228},
numpages = {41},
url = {http://doi.acm.org/10.1145/568518.568520},
doi = {10.1145/568518.568520},
acmid = {568520},
publisher = {ACM},
address = {New York, NY, USA},
keywords = {Dimensionality reduction, indexing, time-series similarity retrieval},
}

@inproceedings{popivanov,
author={Popivanov, I. and Miller, R.J.},
booktitle={Data Engineering, 2002. Proceedings. 18th International Conference on},
title={Similarity search over time-series data using wavelets},
year={2002},
month={},
pages={212-221},
keywords={content-based retrieval;database indexing;software performance evaluation;statistical databases;time series;wavelet transforms;Haar wavelet;application engineering;biorthonormal wavelets;dimensionality reduction technique;high-dimensional time-series data;image compression;indexing strategy configuration;orthonormal wavelets;performance;similarity searching;wavelet transformations;Application software;Computerized monitoring;Data analysis;Euclidean distance;Fluctuations;Humans;Image coding;Indexing;Lakes;Time series analysis},
doi={10.1109/ICDE.2002.994711},
ISSN={1063-6382},
}

@inproceedings{keogh,
author = {Keogh, Eamonn},
title = {Exact Indexing of Dynamic Time Warping},
booktitle = {Proceedings of the 28th International Conference on Very Large Data Bases},
series = {VLDB '02},
year = {2002},
location = {Hong Kong, China},
pages = {406--417},
numpages = {12},
url = {http://dl.acm.org/citation.cfm?id=1287369.1287405},
acmid = {1287405},
publisher = {VLDB Endowment},
}

@article{faloutsos2,
author = {Faloutsos, Christos and Ranganathan, M. and Manolopoulos, Yannis},
title = {Fast Subsequence Matching in Time-series Databases},
journal = {SIGMOD Rec.},
issue_date = {June 1994},
volume = {23},
number = {2},
month = may,
year = {1994},
issn = {0163-5808},
pages = {419--429},
numpages = {11},
url = {http://doi.acm.org/10.1145/191843.191925},
doi = {10.1145/191843.191925},
acmid = {191925},
publisher = {ACM},
address = {New York, NY, USA},
}

@inproceedings{bollobas,
author = {Bollob\'{a}s, B{\'e}la and Das, Gautam and Gunopulos, Dimitrios and Mannila, Heikki},
title = {Time-series Similarity Problems and Well-separated Geometric Sets},
booktitle = {Proceedings of the Thirteenth Annual Symposium on Computational Geometry},
series = {SCG '97},
year = {1997},
isbn = {0-89791-878-9},
location = {Nice, France},
pages = {454--456},
numpages = {3},
url = {http://doi.acm.org/10.1145/262839.263080},
doi = {10.1145/262839.263080},
acmid = {263080},
publisher = {ACM},
address = {New York, NY, USA},
}

@inproceedings{kahveci,
author={Kahveci, T. and Singh, A.},
booktitle={Data Engineering, 2001. Proceedings. 17th International Conference on},
title={Variable length queries for time series data},
year={2001},
month={},
pages={273-282},
keywords={data compression;database indexing;database theory;query processing;sequences;time series;wavelet transforms;index information compression;index structure storage;indexing technique;information loss;multiple resolution levels;subqueries;time sequence;time series data;variable length queries;wavelets;Computer science;Costs;Databases;Euclidean distance;Indexes;Indexing;Marine vehicles;Multidimensional systems;Stock markets;Video compression},
doi={10.1109/ICDE.2001.914838},
ISSN={1063-6382},
}

@misc{point_to_line,
author = "{WorlframMathWorld}",
title = "{Point-Line Distance--2-Dimensional}",
howpublished = "\url{http://mathworld.wolfram.com/Point-LineDistance2-Dimensional.html}"
}

@misc{youtube,
author = "{YouTube}",
title = "{Video Sharing Website}",
howpublished = "\url{www.youtube.com}"
}

@book{se_book,
Author = {Croft, W. Bruce and Metzler, Donald and Strohman, Trevor},
ISBN = {9780131364899},
Publisher = {Boston, Mass. ; London : Pearson Education, [2010],
©2010.},
Title = {Search engines : information retrieval in practice / W. Bruce
Croft, Donald Metzler, Trevor Strohman.},
URL =
{http://ezproxy.lib.ed.ac.uk/login?url=https://search.ebscohost.com/login.aspx?direct=true&db=cat00234a&AN=edinb.1717630&site=eds-live},
Year = {2010},
}
